@other{mpegla,
	title = "MPEG LA",
	url = "http://www.mpegla.com/main/programs/M4V/Pages/Intro.aspx"
}



@electronic{Netflix-cm,
	title     = "Chaos Monkey",
	year	= 2014,
	url = "https://github.com/Netflix/SimianArmy/wiki/Chaos-Monkey"
}
